@Book{neal,
	author = "N Williams",
	title = "Bayesian Learning for Neural Networks",
	year = 1997,
	journal = "New York, Springer-Verlag"
}

@Book{ter,
	author = "S Terry",
	title = "Statistical Analysis of Gene Expression Microarray Data",
	year = 2003,
	publisher = "Genet. research. 77, 123-128",
}

@Book{gail,
	author = "E Warren and G Grant",
	title = "Statistical Methods in Bioinformatics",
	year = 2005,
	publisher = "Springer, New York, 10013,ISBN,0-387-9529-2",
}

@Book{sorin,
	author = "S Draghici",
	title = "Data Analysis Tools For DNA MicroArrays",
	year = 2003,
	publisher = "Chapman, Hall/CRC, Boca Raton Londre New York, Revised Second ISBN,1584883154",
}

@Book{draghici,
	author = "S Draghici and K Kuklin and H Holf and S Shams",
	title = "Experiment Design, Analysis of Variance in Gene Expression Arrays",
	year = 2001,
	journal = "Current Opinion in drug Discover and Development. 4(3), 332-337",
}

@Book{kulaeva,
	author = "S Draghici and Kulaeva and Petrov and K Holfand and et al",
	title = "ANOVA Approach of Regulated Genes Measured by DNA Microarrays",
	year = 2003,
	journal = "BioInformatics, 11(19), 1348-1359"
}

@article{kernel,
	author = "D Kuzimin and M Warmuth",
	title = "Online Kernel PCA with Entropic Matrix Updates",
	year = 2007,
	journal = "Proceedings of the 24th international conference on Machine learning. 465-472 ",
}

@article{damp,
	author = "H Hoggart and S Shiver and Paul McKeigue",
	title = "Design and Analysis of Admixture Mapping Studies",
	year = 2004,
	journal = "Am J Hum Genet. 74(5), 965-978",
}

@article{asth,
	author = "S. Choudhry and M. Taub",
	title = "Genome-Wide Screen for Asthma in Puerto Ricans Evidence for Association with 5q23 Region",
	year = 2008,
	journal = "Hum Genet. 123, 455-468",
}

@article{trac,
	author = "Peristera Paschou",
	title = "Tracing Sub-Structure in the European American Population with PCA-informative Markers",
	year = 2008,
	journal = "PLoS Genet. 4(7), e1000114",
}

@article{pad2,
	author = "Liu Nianjun and Baolin Wu and Hongyu Zhao",
	title = "Inference of Population Structure Using Mixture Model",
	year = 2006,
	journal = "Department of Epidemiology and Public Health and Yale University School of Medicine, USA",
}

@article{baav,
	author = "Guzman Santafe and Jose Lozano and Pedro Larranaga",
	title = "Bayesian model averaging of naive Bayes for clustering",
	year = 2006,
	journal = "EEE Trans Syst Man Cybern B Cybern. 36(5), 1149-6",
}

@article{hmark,
	author = "Chun Zhang and Kun Chen and Michael Seldin and Li Hongzhe",
	title = "A Hidden Markov Modeling Approach for Admixture Mapping Based on Case-Control Haplotype Data",
	year = 2004,
	journal = "Genet. Epidemiol. 27(3), 225-39",
}

@article{iap,
	author = "Sriram Sankararaman and Gad Kimmel and Eran Halperin and Michael Jordan",
	title = "On the inference of Ancestries in Admixed populations",
	year = 2008,
	journal = "Genome Res. 18(4), 668-675",
}

@article{mhad,
	author = "Nick Patterson and Neil Hattangadi and Barton Lane",
	title = "Methods for High-Density Admixture Mapping of Disease Genes",
	year = 2004,
	journal = "Am J Hum Genet. 74(5), 979-1000",
}

@article{cmt,
	author = "L Excoffier and G Hamilton",
	title = "Comment on Genetic Structure of Human Populations",
	year = 2003,
	journal = "Science. 300, 5627-1877",

}

@article{gshp,
	author = "Noah Rosenberg and Jonathan Pritchard",
	title = "Genetics Structure of Human Populations",
	year = 2008,
	journal = "Science. 298, 2381-2385",
}

@article{asip,
	author = "N Rosenberg",
	title = "Algorithms for Selecting Informative Marker Panels for Population Assignment",
	year = 2005,
	journal = "J. Computational Biology. 12(9), 1183-1201",
}

@article{adps,
	author = "X Zhu and H Tang and N Risch",
	title = "Admixture Mapping and the Role of Population Structure for Localizing Disease Genes",
	year = 2008,
	journal = "Adv. Genet. 60, 547-69",
}

@article{jbps,
	author = "Kyung-Ah Sohn and Eric Xing",
	title = "Spectrum: Joint Bayesian Inference of Population Structure and Recombination Events",
	year = 2007,
	journal = "Bioinformatics. 23, i479-i489",
}

@article{clpe,
	author = "David Evans and Lon Cardon",
	title = "A Comparison of Linkage Disequilibrium Patterns and Estimated Population Recombination Rates across Multiple Populations",
	year = 2005,
	journal = "Am. J. Hum. Genet. 76, 681-687",
}

@article{jbps1,
	author = "Eric Xing and Michael Jordan and Roded Sharan",
	title = "Bayesian Haplotype Inference via the Dirichlet Process",
	year = 2007,
	journal = "J of Computational Biology. 14, UCB/CSD 3/1275",
	
}

@article{clap,
	author = "X Zhu and S Zhang and H Tang and R Cooper",
	title = "A classical likelihood based approach for admixture mapping using EM algorithm",
	year = 2006,
	journal = "Hum. Genet. 120, 431-445",
}


@article{rgab,
	author = "Hua Tang and Marc Coram and Pei Wang and Xiaofeng Zhu and Neil Risch",
	title = "Reconstructing Genetic Ancestry Blocks in Admixed Individuals",
	year = 2006,
	journal = "Am. J. Hum. Genet. 79, 1-12",
}

@article{tsas,
	author = "Francisco Vega and Hadar Isaac and Charles Scafe",
	title = "A Tool for Selecting SNPs for Association Studies Based on Observed Linkage Disequilibrium Patterns",
	year = 2006,
	journal = "Pacific Symposium on Biocomputing",
}

@article{monta,
	author = "Giovanni Montana and Jonathan Pritchard",
	title = "Statistical Tests for Admixture Mapping with Case-Control and Case-Only Data",
	year = 2004,
	journal = "Am. J. Hum. Genet. 75(5), 771-789",
}

@article{apri,
	author = "AL Price and Nick Patterson and Yu Fuli",
	title = "A Genomewide Admixture Map for Latino Populations",
	year = 2007,
	journal = "Am J Hum Genet. 80(6), 1024-1036",
}

@article{babba,
	author = "O Babb and van der-Merwe and N Beyers and P Pheiffer and W Walzla and D Duncand and EV Hoal",
	title = "Vitamin D Receptor Gene Polymorphisms and Sputum Conversion Time in Pulmonary Tuberculosis Patients",
	year = 2007,
	journal = "Tuberculosis. 87(4), 295-302",
}

@article{hoal,
	author = "EV Hoal and L Lewis and J Jamieson and T Tanzer and R Rossouw and V Victor and el.al",
	title = "SLC11A1 (NRAMP1) but not SLC11A2 (NRAMP2) Polymorphisms are Associated with Susceptibility to Tuberculosis in a High-incidence Community in South {Africa}",
	year = 2004,
	journal = "{Stellenbosch university faculty of health sciences, and metropolitan Cape Town, western Cape, south Africa}",
}

@article{falu1,
	author = "D. Falush and A. Stephens and JK. Pritchard",
	title = "Inference of Population Structure: Extensions to Linked Loci and correlated Allele Frequencies",
	year = 2003,
	journal = "Am. J. Hum. Genet. 164, 1567-1587",
}

@article{searl,
	author = "S Searle and JM Blackwell",
	title = "Evidence for a functional repeat polymorphism in the promoter of the human NRAMP1 gene that correlates with autoimmune versus infectious disease susceptibility",
	year = 1999,
	journal = "J. Med. Genet. 36, 295-299",
}

@article{shriv,
	author = "H Halder and S Shriver",
	title = "Measuring and Using Admixture to Study the Genetics of Complex Diseases",
	year = 2003,
	journal = "Hum. Genomics. 1, 52-62",
}

@article{stephe,
	author = "S Pritchard and M Stephens and MC Donnelly",
	title = "Inference of Population Structure Using Multi-locus Genotype Data",
	year = 2002,
	journal = "Am. J. Hum. Genet. 155, 945-959",
}

@article{wiki,
	author = "Foundation Wikimedia",
	title = "An Ethnic Group Used in Southern {Africa}",
	year = 2008,
	journal = "http://en.wikipedia.org/wiki/Coloured",
}

@article{pauls,
	author = "Paul McKeigue",
	title = "Prospects for Admixture Mapping of Complex Traits",
	year = 2005,
	journal = "Am. J. Hum. Genet. 76(1), 1-7",
}

@article{weiss,
	author = "R. Chakravati and KM. Weiss",
	title = "Admixture as a tool for finding linked genes and detecting that difference from allelic association between loci",
	year = 1998,
	journal = "Proc. Nat. Acad. Science. 85, 9119-9123",
}

@article{kristin,
	author = "C Kristin and Leonid Kruglyak and Mark Seielstad",
	title = "Patterns of Linkage Disequilibrium in the Human Genome",
	year = 2002,
	journal = "Nature Reviews Genet. 3, 299-309",
}

@article{weale,
	author = "David Goldstein and Michael Weale",
	title = "Population genomics: linkage disequilibrium holds the key",
	year = 2001,
	journal = "Curr. Biol. 11(14), R576-9",
}

@article{speci,
	author = "RS Spielman and RE McGinnis and WJ Ewens",
	title = "Transmission test for linkage disequilibrium: the insulin gene region and insulin-dependent diabetes mellitus (IDDM)",
	year = 1993,
	journal = "Am. J. Hum. Genet. 52, 506-16",
}

@article{nord,
	author = "Nordborg Magnus",
	title = "Coalescent Theory",
	year = 2000,
	journal = "Am J Hum Genet. 52, 506-16",
}

@article{zhu,
	author = "Zhu Xiaofeng and A Luke and Cooper RS and A et.al",
	title = "Admixture mapping for hypertension loci with genome-scan markers",
	year = 2005,
	journal = "Nat. Genet. 37, 177-81",
}

@article{reich,
	author = "David Reich and Nick Patterson and Philip Jager and Gavin McDonald",
	title = "A whole-genome admixture scan finds a candidate locus for multiple sclerosis susceptibility",
	year = 2005,
	journal = "Nat. Genet. 37, 1113-1118",
}

@article{smith,
	author = "JC. Stephens and D. Briscoe and SJ. O'Brien SJ ",
	title = "Mapping by admixture linkage disequilibrium: advances, limitations and guidelines",
	year = 2005,
	journal = "Nature Rev. Genet. 6, 623-632",
}

@article{fredman,
	author = "Matthew Freedman and Christopher Haimanc and Nick Pattersonb and Gavin McDonaldb and A et.al",
	title = "Admixture mapping identifies 8q24 as a prostate cancer risk locus in {African-American} men",
	year = 2007,
	journal = "Broad Institute, Cambridge",
}

@article{lewo,
	author = "L Lewontin",
	title = "The Interaction of Selection and Linkage, General Consideration; Heterotic models",
	year = 1964,
	journal = "Genet. 49(1), 49-67",
}

@article{weir,
	author = "BS Weir and CC Cockerham",
	title = "Estimating F-statistics for the analysis of population structure",
	year = 1984,
	journal = "Evolution. 38, 1358-1370"
}

@article{gil,
	author = "BS Weir",
	title = "linkage disequilibrium and association mapping",
	year = 2008,
	journal = "Ann. Rev. of Genomics and Hum. Genet. 9, 129-142",
}

@article{Suy,
	author = "Suyash Shringarpure and Eric Xing",
	title = "mStruct:Inference of population Structure in Light of Both Genetic Admixing and Allele Mutations",
	year = 2009,
	journal = "NSF grant CCF-0523757 and DBI-0546594",
}

@article{kaeff,
	author = "R Kaeuffer and D Real and DW Coltman and D Pontier",
	title = "Detecting Population Structure using Structure Software:Effect of Background Linkage Disequilibrium",
	year = 2007,
	journal = "Heredity. 99, 374-380",
}

@article{efro,
	author = "Efrosini Setakis and Heide Stirnadel and DJ Balding",
	title = "Logistic Regression Protections against Population Structure in Genetic Association Studies",
	year = 2006,
	journal = "Genome Research",
}

@article{evano,
	author = "Evanno and Regnaut and Goudet",
	title = "Detecting the Number of Clusters of Individuals using the Software Structure:A Simulation Study",
	year = 2005,
	journal = "Blackwel Publishing,Molecular Ecology",
}

@article{mari,
	author = "Mari Nelis and Tonu Esko and A et.al",
	title = "Genetic Structure of Europeans: A view from the North-East",
	year = 2009,
	journal = "PloS One, 4(5), e5472",
}

@article{aka,
	author = "Akarapong Swatdipong and Anti Vasemagi and Mikko Koskinen and Jorma Piironen and Craig Primmer",
	title = "Unanticipated Population Structure of European Grayling in its Northern Distribution: Implications for Conservation Prioritization",
	year = 2009,
	journal = "Frontiers in Zoology",
}

@article{stepni,
	author = "Stephanie McKay and Robert Schnabel and et al",
	title = "An Assessment of Population Structure in Eight Breeds of Cattle using a Whole genome SNP panel",
	year = 2008,
	journal = "BMC Genet. Open Access",
}

@article{sivan,
	author = "Sivan Bercovici and Dan Geiger and Liran Shlush and A et.al",
	title = "Panel Construction for Mapping in Admixed Populations via Expected Mutual Information",
	year = 2008,
	journal = "Genome Research",
}

@article{zhen,
	author = "Zhen Lin and Russ Altman",
	title = "Finding Haplotype Tagging SNPs by Use of Principal Components Analysis",
	year = 2004,
	journal = "Am. Soc. of Hum. Genet. 75(5), 850-61",
}

@article{peri,
	author = "P Paschou and E Ziv and EG Burchard and S Choudhry and W Rodriguez-Cintron and MW Mahoney and P Drineas",
	title = "PCA-Correlated SNPs for Structure Identification in World wide Human Population",
	year = 2007,
	journal = "Plos Genet. 3(9), e160",
}
 
@article{jan,
	author = "Y Yamaguchi-Kabata and K Nakazono and A Takahashi and S Saito and N Hosono and M Kubo and Y Nakamura and N Kamatani",
	title = "Japanese Population Structure, Based on SNP Genotypes from 7003 Individuals Compared to other Ethnic Groups: Effects on Population-Based Association Studies",
	year = 2008,
	journal = "Am. Soc. of Hum. Genet.",
}

@article{mpart,
	author = "N. Patterson and AL. Price and D. Reich",
	title = "Population Structure and Eigenanlysis",
	year = 2006,
	journal = "PLoS Genet. 2(12), e190",
}

@article{pedij,
	author = "J Dinga and S Lina",
	title = "Monte Carlo Pedigree Disequilibrium Test for Markers on the X Chromosome",
	year = 2006,
	journal = "Am. J. Hum. Genet. 79(3), 567-573",
}

@article{davey1,
	author = "Davey Smith and E Ebrahim",
	title = "Mendelian randomization: prospects, potentials, and limitations",
	year = 2004,
	journal = "International J. of Epidemiology. 33, 30-42",
}

@article{davey2,
	author = "Davey Smith",
	title = "Capitalising on Mendelian randomization to assess the effects of treatments",
	year = 2007,
	journal = "J. R. Soc. Med. 100, 432-435",
}
 
@article{cheu,
	author = "D Smith",
	title = "Contribution of Mendelian Disorders to Common Chronic Disease; Opportunities for Recognition, Intervention, and Prevention",
	year = 2004,
	journal = "Am J of Med Genet. 15, 125C(1),50-65"
}

@article{lee,
	author = "W Lee and Y Yen",
	title = "Admixture Mapping Using Interval Transmission/Disequilibrium Tests",
	year = 2003,
	journal = "Ann Hum Genet. 67, 580-8"
}

@article{marti,
	author = "D Martin and M Bass and N Kaplan",
	title = "Correcting for a potential bias in the pedigree disequilibrium test",
	year = 2001,
	journal = "Am J of Hum Genet. 68(4), 1065-1067"
}

@article{shaid,
	author = "A Schaid",
	title = "Transmission disequilibrium, family controls, and great expectations",
	year = 1998,
	journal = "Am J of Hum Genet. 63, 935-941"
}

@article{Collins,
	author = "C Schramm and H Phillips and C Operario and Lee and J Weber",
	title = "Ethnic-difference markers for use in mapping by admixture linkage disequilibrium",
	year = 2002,
	journal = "Am J of Hum Genet. 70(3), 737-50",
}

@article{steve,
	author = "S Horvath and C Windemuth and M Knapp",
	title = "The Disequilibrium Maximum-Likelihood Binomial Test Does Not Replace the Transmission and Disequilibrium Test",
	year = 2000,
	journal = "Am J Hum Genet. 67(2), 531-534"
}

@article{mels,
	author = "M Hubisz and D Falush and MT Stephens and JN Pritchard",
	title = "Inferring weak population structure with the assistance of sample group information",
	year = 2009,
	journal = "Molecular Ecology Resources. 9, 1322-1332",
}

@article{cove,
	author = "TM Cover and JA Thomas",
	title = "Elements of Information Theory",
	year = 1991,
	journal = "Wiley New York",
}

@article{rbell,
	author = "R Bellamy and N Beyers and KP McAdam and C Ruwende and R Gie and P Samaai and D Bester and M Meyer and Torrah and M Collin and DR Camidge and D Wilkinson and EV Hoal and HC Whittle and W Amos and VP Helden and AVS Hill",
	title = "Genetic susceptibility to {T}uberculosis in {Africans}:A genome-wide scan",
	year = 2000,
	journal = "PNAS. 97, 8005-8009",
}

@article{bell,
	author = "Richard Bellamy",
	title = "Genetic susceptibility to tuberculosis in human",
	year = 1998,
	journal = "Thorax. 53, 588-593",
}

 
@article{gmpg,
	author = "M Hoogendoorn and Bj Jungerius and SC Bakker and IE Sommer and RJ Sinke and RA Ophoff and RS Kahn",
	title = "Do mood symptoms subdivide the schizophrenia phenotype? Association of the GMP6A gene with a depression subgroup",
	year = 2008,
	journal = "Genet B Neuropsychiatr Genet",
}

@article{adam,
	author = "Xua Rener and Jinli Caia and Tian Xua and Weigou Zhoua and Beibei Yinga and Kejin Dengb and Shouyuan Zhaoa and Changben Lia",
	title = "Molecular Cloning and Mapping of a Novel ADAM Gene (ADAM29) to Human Chromosome 4",
	year = 2008,
	journal = "Academic Press",
}

@article{adam1,
	author = "P McGowan and E McKiernan and F Bolster and B Ryan and  and K Hill and E McDermott",
	title = "ADAM-17 predicts adverse outcome in patients with breast cancer",
	year = 2002,
	journal = "European Society for Medical Oncology",
}

@article{adam2,
	author = "Shunsuke Yamamoto and Yasunori Higuchi and Kazuhiro Yoshiyama and Eiichi Shimizu and Masashi Kataoka and Naoki Hijiya and Keiko Matsuura",
	title = "ADAM family proteins in the immune system",
	year = 1999,
	journal = "Immunol Today. 20(6), 278-84",
}

@article{rna,
	author = "D Suh and H Busch and R Reddy",
	title = "Human U3 small nucleolar RNA genes are localized to the nucleoplasm",
	year = 1987,
	journal = "Biochemical and Biophysical Research Communications",
}

@article{tusor,
	author = "BORNANCIN Frederic and Diana MECHTCHERIAKOVA and STORA Samantha and GRAF Christine",
	title = "Characterization of a ceramide kinase-like protein",
	year = 2005,
	journal = "Biochimica and biophysica acta"
}

@article{wsk,
	author = "I Anton and Lu Wange and Bruce Mayer and Narayanaswamy Ramesh and Raif Geha",
	title = "The Wiskott-Aldrich Syndrome Protein-interacting Protein (WIP) Binds to the Adaptor Protein Nck",
	year = 1998,
	journal = "J. Biol. Chem. 273, 20992-20995",
}

@article{metg,
	author = "Danny Winder and Jeffrey Conn",
	title = "Metabotropic glutamate receptor (mGluR)-mediated potentiation of cyclic AMP responses does not require phosphoinositide hydrolysis: mediation by a group II-like mGluR",
	year = 1995,
	journal = "J. Neurochem. 64(2), 592-9"
}

@article{udan,
	author = "L Gao and MR Frey and AG Matera",
	title = "Human genes encoding U3 snRNA associate with coiled bodies in interphase cells and are clustered on chromosome 17 p11.2 in a complex inverted repeat structure",
	year = 1995,
	journal = "Oxford University Press"
}

@article{foxo,
	author = "Rochelle Hinman and Jessica Bushanam and Whitney Nichols and Anne Satterthwaite",
	title = "B Cell Receptor Signaling Down-Regulates Forkhead Box Transcription Factor Class O 1 mRNA Expression via Phosphatidylinositol 3-Kinase and Bruton’s Tyrosine Kinase1",
	year = 2007,
	journal = "Am Assoc of Immunologists. 178, 740-747",
}

@article{hapv,
	author = "AD. Ines and L. Wange and B. Mayer and R. Narayanaswamy and R. GehaDagger",
	title = "Haploview: Analysis and Visualization of LD and Haplotype Maps",
	year = 2005,
	journal = "Bioinformatics", 
}
@article{strat,
	author = "AL. Price and N. Patterson and R. Plenge and M. Weinblatt and N. Shadick and D. Reich",
	title = "Principal components analysis corrects for stratification in genome-wide association studies",
	year = 2006,
	journal = "Nat. Genet. 38, 904-909",
}

@article{hapmix,
	author = "AL. Price and A. Tandon and N. Patterson and K. Barnes and N. Rafaels and I. Ruczinski and T. Beaty and R. Mathias and D. Reich and S. Myers",
	title = "Sensitive detection of chromosomal segments of distinct ancestry in admixed populations",
	year = 2009,
	journal = "Plos Genet. 5, e1000519",
}

@article{kiff,
	author = "SA Tishkoff and FD Reed and F Friendlaender and C Ehret and AL Ranciaro",
	title = "The Genetic structure and history of {Africans} and {African Americans}",
	year = 2009,
	journal = "Sciences. 324, 1035-1044",
}

@article{wisdr,
	author = "Mary Kugler",
	title = "Wiskott-Aldrich Syndrome Immune deficiency disorder",
	year = 2005,
	journal = "Medical Review Board",
}

@article{cem,
	author = "Susumu Mitsutake and Tack-Joong Kim and Yuichi Inagaki and Mariko Kato and Toshiyuki Yamashita and Yasuyuki Igarashi",
	title = "Ceramide Kinase is a Mediator of Calcium-dependent Degranulation in Mast Cells",
	year = 2004,
	journal = "Am Soc for Biochemistry and Molecular Biology",
}

@article{cem1,
	author = "P Ruvolo",
	title = "Ceramide regulates cellular homeostasis via diverse stress signaling pathways",
	year = 2001,
	journal = "Europe PubMed. 15(8), 1153-1160",
}

@article{wit,
	author = "E. deWit and W. Delport and R. Chimusa and A. Meintjes and M. Moller and PV. Helden and C. Seoighe and V. Hoal",
	title = "Genome-Wide analysis of the structure of the south {African Coloured} population in the western {C}ape",
	year = 2010,
	journal = "Hum. Genet. 128, 15-53",
}

@article{hikar,
	author = "M Adhikari",
	title = "Not white enough, not black enough: Racial identity in the south {African Coloured} community",
	year = 2005,
	journal = "Ohio University Press. H-SAfrica ISBN 978-0-89680-244-5",
}

@Book{topper,
	author = "MC Stopple",
	title = "Genetic diseases overview",
	year = 1996,
	journal = "Mednet.com"
}

@Book{stran,
	author = "P Strachan and AP Read",
	title = "Human Molecular Genetics",
	year = 1999,
	journal = "New York Wiley-Liss, 2nd edition",
}

@article{bouz,
	author = "E. Boonzaaier and C. Malherbe and A. Smith and P. Berens",
	title = "The {Cape Herders}: A history of the {Khoikhoi} of southern {Africa}",
	year = 1996,
	journal = "David Philip publishers, Cape Town",
}

@article{Cillrs,
	author = "SP Cilliers",
	title = "The Coloureds of South {Africa}; A Factual Survey",
	year = 1985,
	journal = "Banier Publishers (Pty) Ltd",
}

@article{elp,
	author = "R Elphick",
	title = "Khoikhoi and the founding of {White South Africa}",
	year = 1985,
	journal = "UWC Printing Dept. Ravan Press, Johannesburg",
} 

@article{vross,
	author = "Van Ross",
	title = "100 Questions about {C}oloured south {Africans}",
	year = 1993,
	journal = "UWC Printing Department, Cape Town",
} 
 
@article{mooun1,
	author = "A Mountain",
	title = "The first people of the {C}ape, A look at their history and the impact of colonialism on the {C}ape's indigenous people",
	year = 2003,
	journal = "David Philips Publishers. ISBN,0-86486-623-2",
}

@article{mooun2,
	author = "A Mountain",
	title = "An unsung heritage: Perspectives on Slavery",
	year = 2004,
	journal = "David Philips Publishers. ISBN,0-86486-622-4",
}

@article{nurse,
	author = "GT Nurse and JS Weiner and T Jenkins",
	title = "The peoples of southern {Africa} and their affinities",
	year = 1985,
	journal = "Clarendon Press, ISBN:0-19-857541-6",
}

@article{keeg,
	author = "TJ. Keegan",
	title = "Colonial south {Africa} and the origins of the racial order",
	year = 1996,
	journal = "David Philip publishers. Claremont, South Afica",
}

@article{noahr,
	author = "NA. Rosenberg and LM. Li and R. Ward and JK. Pritchard",
	title = "Informativeness of genetic markers for inference of ancestry",
	year = 2003,
	journal = "Am. J. Hum. Genet. 73, 1402-1422",
}

@article{distr,
	author = "NA. Rosenberg",
	title = "DISTRUCT: a program for the graphical display of population structure",
	year = 2004,
 	journal = "Molecular Ecology Notes. 4, 137-138",
}

@article{shell,
	author = "A Davis and J Dollard",
	title = "Children of Bondage: the personality development of negro youth in the urban South",
	year = 1994,
	journal = "American Council on Education. (1940). xxviii 299 pp",
}

@article{kiffs,
	author = "SA Tishkoff and KK Kidd",
	title = "Implications of biogeography of human populations for 'race' and medicine",
	year = 2004,
        journal = "Nat Rev Genet. 36, S21-S27",
}

@article{seld,
	author = "MF. Seldin and B. Pasaniuc and A. Price",
	title = "New approaches to disease mapping in admixed populations",
	year = 2011,
        journal = "Nat Rev Genet. 36, S21-S27",
}

@article{koen,
	author = "Koen Verhoeven and Mirka Macel and M Lorne Wolfe and Arjen Biere",
	title = "Population admixture, biological invasions and the balance between local adaptation and inbreeding depression",
	year = 2010,
        journal = "Proc. R. Soc. B. 278, 2-8",
}

@article{kirk,
	author = "Kirk Lohmueller and Anders Albrechtsen and Yingrui Li and Su Yeon Kim and Thorfinn Korneliussen and Nicolas Vinckenbosch and Geng Tian and Emilia Huerta-Sanchez and Alison F. Feder and Niels Grarup and Torben Jørgensen and Tao Jiang and Daniel R. Witte and Annelli Sandbæk and Ines Hellmann and Torsten Lauritzen and Torben Hansen and Oluf Pedersen and Jun Wang and Rasmus Nielsen",
	title = "Natural Selection Affects Multiple Aspects of Genetic Variation at Putatively Neutral Sites across the Human Genome",
	year = 2011,
        journal = "PLoS Genet 7(10), e1002326",
}

@article{rita,
	author = "Rita Cantor and Kenneth Lange and Janet Sinsheimer",
	title = "Prioritizing GWAS Results, A Review of Statistical Methods and Recommendations for Their Application",
	year = 2010,
        journal = "Am J of Hum Genet. 86, 6-22", 
}

@article{painter,
	author = "D. Lawson and G. Hellenthal and S. Myers and D. Falush",
	title = "Inference of population structure using dense haplotype data",
	year = 2010,
        journal = "PLoS Genet. 8(1),e1002453", 
}

@article{charma,
	author = "Charmaine Royal and John Novembre and Stephanie Fullerton and David Goldstein and Jeffrey Long and Michael Bamshad and Andrew Clark",
	title = "Inferring Genetic Ancestry,Opportunities, Challenges, and Implications",
	year = 2010,
        journal = "Am J of Hum. Genet. 86, 661-673", 
}

@article{sey,
	author = "G SEYMOUR",
	title = "Locus-Specific Genetic Diversity Between Human Populations,An Analysis of the Literature",
	year = 2003,
        journal = "Am J of F Hum Biology. 15, 814-823",
}

@article{johh,
	author = "John Relethford and Rosalind Harding",
	title = "Population Genetics of Modern Human Evolution",
	year = 2001,
	journal = "Encyclopedia of Life Sciences",
}


@article{ad16,
  author = " Alkes Price and NA Zaitlen and David Reich and N Patterson",
  title = "New approaches to population stratification in genome-wide association studies",
  year = 2010,
  journal = "Nature Reviews Genet. 11, 459-463", 
}

@article{ad28,
  author = "NA. Rosenberg and M Nordborg",
  title = "A general population-genetic model for the production by population structure of spurious genotype-phenotype associations in discrete, admixed or spatially distributed populations",
  year = 2006,
  journal = "Genet. Society of Am. 173, 1665-1678", 
}

 
@article{ad36,
  author = "N. Patterson and P. Moorjani and Y. Luo and et al",
  title = "Ancient Admixture in Human History",
  year = 2012,
  journal = "Genet. Society of Am. 10, 112.145037",
}

@article{ad29,
  author = "MP Epstein and AS Allen and GA Satten",
  title = "A simple and improved correction for population stratification in case-control studies",
  year = 2007,
  journal = "Am. J. Hum. Genet. 80, 921-930",
}

@article{ad30,
  author = "HK Tiwari and J Barnholtz-Sloan and N Wineinger and MA Padilla and LK Vaughan and DB Allison",
  title = "Review and evaluation of methods correcting for population stratification with a focus on underlying statistical principles",
  year = 2008,
  journal = "Hum. Hered. 66, 67-86",
}

@article{ad32,
  author = "DT Redden and J Divers and LK Vaughan and HK Tiwari and TM Beasley and JR Fernández and RP Kimberly and Feng and MA Padilla and N Liu and MB Miller and DB Allison",
  title = "Regional admixture mapping and structured association testing: conceptual
unification and an extensible general linear model",
  year = 2006,
  journal = "PLoS Genet. 2(8), e137",
}

@article{ad33,
  author = "H Qin and N Morris and SJ Kang and M Li and B Tayo and H Lyon and J Hirschhorn and RS Cooper and X Zhu",
  title = "Interrogating local population structure for fine mapping in genome-wide association studies",
  year = 2010,
  journal = "Bioinformatics. 26, 2961-2968",
}

@article{ad34,
  author = "D Reich and K Thangaraj and N Patterson and AL Price and L Singh",
  title = "Reconstructing {I}ndian population history",
  year = 2009,
  journal = "Nature. 461, 489-494",
}
@article{ad35,
  author = "KJ. Pickrell and N. Patterson and C. Barbieri and F. Berthold and L. Gerlach and M. Lipson and L. Loh and T. Guldemann and B. Kure and W. Mpoloka and H. Nakagawa and C. Naumann and J. Mountain and C. Bustamante and B. Berger and B. Henn and M. Stoneking and D. Reich and B. Pakendorf",
  title = "The genetic prehistory of southern {Africa}",
  year = 2012,
  journal = "Nature Communications 3 (1143) doi,10.1038/ncomms2140",
}

@article{yael,
  author = "Y. Baran and P. Bogdan and S. Sankararaman and G. Dara and C. Gignoux and C. Celeste and W. Torgerson and R. Chapela and G, JeanFord and C. Pedro and J. Rodriguez-Santana and EB. Gonzalez and E. Eran",
  title = "Fast and accurate inference of local ancestry in Latino populations",
  year = 2012,
  journal = "Bioinformatics. 28, 1359-1367",
}

@article{alx,
  author = "D.H Alexander and J Novembre and L Lange",
  title = "Fast model-based estimation of ancestry in unrelated individuals",
  year = 2009,
  journal = "Genome Research. 19, 1655-1664",
}

@article{winp,
  author = "B. Pasaniuc and S. Sankararaman and G. Kimmel and E. Halperin",
  title = "Inference of locus-specific ancestry in closely related population",
  year = 2009,
  journal = "Bioinformatics. 25, i213-i221",
}

@article{jia,
  author = "P. Jia and S. Zheng and J. Long and W. Zheng and Z. Zhao",
  title = "dmGWAS: dense module searching for genome-wide association studies in protein-protein interaction networks",
  year = 2010,
  journal = "Bioinformatics. 27, 95-102",
}

@article{peng,
  author = "G. Peng and L. Luo and S. Hoicheong and Y. Zhu and H. Pengfei and Shengjun Hong and Jinying and X Zhao and Zhou Xiaodong and D John Reveille and Li Jin and Christopher Amos and Momiao Xiong",
  title = "Gene and Pathway-Based Analysis: Second Wave of Genome-wide Association Studies",
  year = 2008,
  journal = "European J. Hum. Genet. 18, 111-117",
}

@article{buhm,
  author = "Buhm Han and Eleazar Eskin",
  title = "Random-Effects Model Aimed at Discovering Associations in Meta-Analysis of Genome-wide Association Studies",
  year = 2011,
  journal = "Am. J. Hum. Genet. 88, 586-598",
}

@article{wray,
  author = "NR Wray and ML Pergadia and DHR Blackwood and BWJH Penninx and B Gordon and DR Nyholt and S Ripke and DJ MacIntyre and KA McGhee and AW Maclean and JH SmitJH. and JJ Hottenga and G Willemsen and CM Middeldorp and De Geus and CM Lewis and P McGuffin and IB Hickie and EJCG van.den and JZ Liu and S Macgregor and BP McEvoy and EM Byrne and SE Medland and DJ Statham and AK Henders and AC Heath and GW Montgomery and NG Martin and DI Boomsma and PAF Madden and PF Sullivan",
  title = "Genome-wide association study of major depressive disorder: new results, meta-analysis, and lessons learned",
  year = 2010,
  journal = "Molecular Psychiatry. 17, 36-48",
}

@article{samu,
  author = "P Samuel Dickson and Kai Wang and Ian Krantz and Hakon Hakonarson and BD Goldstein",
  title = "Rare Variants Create Synthetic Genome-Wide Associations",
  year = 2010,
  journal = "PLoS Biology. 8(1), e1000294",
}

@article{ilan,
  author = "Ilan Gronau and Melissa Hubisz and Brad Gulko and Charles Danko and Adam Siepel",
  title = "Bayesian inference of ancient human demography from individual genome sequences",
  year = 2011,
  journal = "Nat. Genet. 43, 1031-1034",
}

@article{botha,
  author = "MC Botha",
  title = "Blood group gene frequencies. An indication of the genetic constitution of population samples in Cape Town",
  year = 1972,
  journal = "S. Afr. Med. J. 46, Suppl 1-26",
}

@article{kiff8,
  author = "MC Campbell and SAC Tishkoff",
  title = "African genetic diversity: implications for human demographic history, modern human origins, and complex disease mapping",
  year = 2008,
  journal = "Annu Rev Genomics Hum Genet. 9, 403-433",
}

@article{cann,
  author = "HN. Cann and de Toma and L. Cazes and MF. Legrand and V. Morel and L. Piouffre and J. Bodmer and WF. Bodmer and B. Bonne-Tamir and A. Cambon-Thomsen and Z. Chen and J. Chu and C. Carcassi and L Contu and R. Du and L. Excoffier and GB. Ferrara and JS. Friedlaender and H. Groot and D. Gurwitz and T. Jenkins and RJ. Herrera and X. Huang and J. Kidd and KK. Kidd and A. Langaney and AA. Lin and SQ. Mehdi and P. Parham and A. Piazza and MP. Pistillo and Y. Qian and Q. hu and J. Xu and S. Zhu and JL. Weber and HT. Greely and MW. Feldman and G. Thomas and J. Dausset and LL. Cavalli-Sforza",
  title = "A human genome diversity cell line panel",
  year = 2002,
  journal = "Science. 296, 261-262",
}

@article{frazer,
  author = "KA. Frazer and et al",
  title = "A second generation human haplotype map of over 3.1 million SNPs",
  year = 2007,
  journal = "Nature. 449, 851-861",
}

@article{henn,
  author = "B. Henn and C. Gignouxb and M. Jobinc and J. Grankae and Macphersonf and J. Kidda and L. Rodríguez-Botiguég and S. Ramachandranh and L. Honf and A. Brisbini and A. Linj and P. Underhillj and D. Comasg and K. Kiddk and P. Normanl and P. Parhaml and C. Bustamantea and J. Mountainf and M. Feldmane",
  title = "Hunter-gatherer genomic diversity suggests a southern {African} origin for modern humans",
  year = 2011,
  journal = "PNAS. 108, 5154-5162",
}

@article{iceland,
  author = "Alkes Price and Agnar Helgason and Snaebjorn Palsson and Hreinn Stefansson and David Clair and Ole Andreassen and David Reich and Augustine Kong and Kari Stefansson",
  title = "The Impact of divergence time on the nature of population structure: An Example from {Iceland}",
  year = 2009,
  journal = "PLoS Genet. 5(6), e1000505",
}

@article{moorj,
  author = "P Moorjani and N Patterson and JN Hirschhorn and A Keinan and L Hao and G Atzmon and E Burns and H Ostrer and AL Price and David Reich",
  title = "The history of {African} gene flow into southern {Europeans}, {Levantines}, and {Jews}",
  year = 2011,
  journal = "PLoS Genet. 7(4), e1001373 ",
}

@article{brown,
  author = "BL. Browning and BR. Browning",
  title = "A unified approach to genotype imputation and haplotype-phase inference for large data sets of trios and unrelated individuals",
  year = 2009,
  journal = "Pam. J. Hum. Genet. 84, 210-223",
}
 
@article{luis,
  author = "L. Quintana-Murci and C. Harmant and H. Quach and O. Balanovsky and Z. Bormans and P. van.Helden and EV. Hoal and M. Doron Behar",
  title = "Strong maternal {Khoesan} contribution to the south {African Coloured} population: A case of gender-biased admixture",
  year = 2010,
  journal = "Am. Soc. of Hum. Genet. 86, 611-620",
}

@article{schuter,
  author = "SC. Schuster and W. Miller and A. Ratan and LP. Tomsho and B. Giardine and LR. Kasson and RS. Harris and DC. Petersen and F. Zhao and J. Qi and C. Alkan and JM. Kidd and Y. Sun and DI. Drautz and P. Bouffard and DM. Muzny and JG. Reid and LV. Nazareth and Q. Wang and R. Burhans and C. Riemer and NE. Wittekindt and P. Moorjani and EA. Tindall and CG. Danko and WS. Teo and AM. Buboltz and Z. Zhang and Q. Ma and A. Oosthuysen and AW. Steenkamp and H. Oostuisen and P. Venter and J. Gajewski and Y. Zhang and BF. Pugh and KD. Makova and A. Nekrutenko and ER. Mardis and N. Patterson and TH. Pringle and F. Chiaromonte and JC. Mullikin and  EE. Eichler and RC. Hardison and RA. Gibbs and TT. Harkins and VM. Hayes",
  title = "Complete {Khoisan} and {Bantu} genomes from southern {Africa}",
  year = 2010,
  journal = "Nature, 463, 943-947",
}

@article{arcos,
  author = "M Arcos-Burgos and M Muenke",
  title = "Genetics of population isolates",
  year = 2002,
  journal = "Clin Genet. 61, 233-247",
}
 
@article{pelton,
  author = "L Peltonen and A Palotie and K Lange",
  title = "Use of population isolates for mapping complex traits",
  year = 2000,
  journal = "Nat Rev Genet. 1, 182-19",
}

@article{krugl,
  author = "L. Kruglyak",
  title = "Prospects for whole-genome linkage disequilibrium mapping of common disease genes",
  year = 1999,
  journal = "Nat. Genet. 22, 139-144",
} 

@article{tao,
  author = "T. Shiheng and Z. Rongmei and C. Jianhua and L. Xiaoming and D. Liping and Q. Qingyuan and L. Zewei",
  title = "A population genetics model of linkage disequilibrium in admixed populations",
  year = 2001,
  journal = "Chinese Science Bullin. 46, 193-197",
} 

@article{purcel,
  author = "S. Purcell and B. Neale and K. Todd-Brown and L. Thomas and MA. Ferreira and D. Bender and J. Maller and P. Sklar and de Bakker and MJ. Daly and PC. Sham",
  title = "PLINK: a tool set for whole-genome association and population-based linkage analyses",
  year = 2007,
  journal = "Am. J. Hum. Genet. 81, 559-575",
}

@article{winkler,
  author = "CA Winkler and GW Nelson and MW Smith",
  title = "Admixture mapping comes of age",
  year = 2010,
  journal = "Ann. Rev. Genomics Hum. Genet. 11, 65-89",
}

@article{conrad,
  author = "DF Conrad and M Jakobsson and G Coop and X Wen and JD Wall and NA Rosenberg and JK Pritchard",
  title = "A worldwide survey of haplotype variation and linkage disequilibrium in the human genome",
  year = 2010,
  journal = "Nat. Genet. 38, 1251-1260",
}    

@article{kiffw,
  author = "SA Tishkoff and SM Williams",
  title = "Genetic analysis of {African} populations: human evolution and complex disease",
  year = 2002,
  journal = "Nat. Rev. Genet. 3, 611-621",
}

@article{nickp,
  author = "N. Patterson and D. Petersen and R. van.der.Ross and H. Sudoyo and R. Glashoff and S. Marzuki and D. Reich and V. Hayes",
  title = "Genetic structure of a unique admixed population: implications for medical research",
  year = 2009,
  journal = "Hum. Mol. Genet. 19, 411-419",
}

@article{Szpiech,
  author = "Zachary Szpiech and Mattias Jakobsson and Noah Rosenberg",
  title = "A rarefaction approach for counting alleles private to combinations of populations",
  year = 2008,
  journal = "Bioinformatics. 24, 2498-2504",
}

@article{myles,
  author = "S Myles and D Davison and J Barrett and M Stoneking and N Timpson",
  title = "Worldwide population differentiation at disease-associated SNPs",
  year = 2008,
  journal = "BMC Medical Genomics. 1, 1-22",
}
@article{hel,
  author = "G. Hellenthal and A. Auton and D. Falush",
  title = "Inferring human colonization history using a copying model",
  year = 2008,
  journal = "PLoS Genet. 4(5), e1000078",
}

@article{irina,
  author = "IR. Pugach and Rv. Matveyev and A. Wollstein and M. Kayser and M. Stoneking",
  title = "Dating the age of admixture via wavelet transform analysis of genome-wide data",
  year = 2011,
  journal = "Genome Biology. 12, R19",
}

@article{ducati,
  author = "C Dye and GP Garnett and K Sleeman and BG Williams",
  title = "Prospects for worldwide tuberculosis control under the WHO DOTS strategy",
  year = 1998,
  journal = "Lancet. 352(9144), 1886-91",
}

@article{dye,
  author = "C Dye and GP Garnett and K Sleeman and BG Williams",
  title = "Directly observed short-course therapy",
  year = 1998,
  journal = "Lancet. 352, 1886-1891",
}
@article{dye1,
  author = "C Dye and S Scheele and P Dolin and V Pathania and MC Vaviglione",
  title = "Global burden of tuberculosis: Estimated incidence, prevalence, and mortality by country",
  year = 1999,
  journal = "JAMA. 282, 677-686",
}
@article{Kauf,
  author = "S Kaufmann and A McMichael",
  title = "Annulling a dangerous liaison: vaccination strategies against AIDS and tuberculosis",
  year = 2005,
  journal = "Nat. Med. 11, S33-S44",
}
 
@article{danl,
  author = "TM Daniel",
  title = "Captain of death, the story of tuberculosis",
  year = 1997,
  journal = "University of Rochester Press, Rochester, New York. 15, 131-142",
}

@article{comstock,
  author = "GW Comstock",
  title = "Tuberculosis in twins, a re-analysis of the prophit survey",
  year = 1978,
  journal = "Am Rev Respir. 117, 621-624",
}

@article{sorens,
  author = "TI Sorensen and GG Nielsen and PK Andersen and TW Teasdale",
  title = "Genetic and environmental influences on premature death in adult adoptees",
  year = 1988,
  journal = "New Engl J. Med. 318, 727-732",
}

@article{marlo,
  author = "M Moller and A Nebel and R Valentonyte and Helden van, S Schreiber and EV Hoal",
  title = "Investigation of chromosome 17 candidate genes in susceptibility to TB in a south {African} population",
  year = 2009,
  journal = "Tuberculosis. 89, 189-194",
}

@article{marloa,
  author = "M Moller and EV Hoal",
  title = "Current findings, challenges and novel approaches in human genetic susceptibility to tuberculosis",
  year = 2010,
  journal = "Tuberculosis. 90, 71-83",
}

@article{marlob,
  author = "M Moller and EV Hoal",
  title = "Past, present and future directions in human genetic susceptibility to tuberculosis",
  year = 2010,
  journal = "FEMS Immunol Med Microbiol. 58, 3-26",
}

@article{wit2,
  author = "E deWit and LV der Merwe and PD Van Helden and EV Hoal",
  title = "Gene-gene interaction between tuberculosis candidate genes in a south {African} population",
  year = 2010,
  journal = "Mammalian Genome. 22, 100-110 ",
}

@article{barrei,
  author = "L Barreiro and LB Neyrolles and O Babb and LC Tailleux and L Quach and H McElreavey and KV Helden and EV Hoal and EG Gicquel and L Quintana-Murci",
  title = "Promoter variation in the DC-SIGN encoding gene CD209 is associated with tuberculosis",
  year = 2006,
  journal = "PLoS Med. 3, e20",
}
 
@article{marchi,
  author = "J Marchini and B Howie",
  title = "Comparing algorithms for genotype imputation",
  year = 2008,
  journal = "Am J Hum Genet. 83, 535-539",
}

@article{kenn,
  author = "GC Kennedy and H Matsuzaki and S Dong and WM Liu and J Huang and G Liu and X Su and M Cao and W Chen and J Zhang and W Liu and G Yang and X Di and T Ryder and Z He and U Surti and MS Phillips and MT Boyce-Jacino and SP Fodor and KW Jones",
  title = "Large-scale genotyping of complex DNA",
  year = 2003,
  journal = "Nat Biotechnol. 21, 1233-7",
}

@article{hirsch,
  author = "JN Hirschhorn and MJ Daly",
  title = "Genome-wide association studies for common diseases and complex traits",
  year = 2003,
  journal = "Nat Rev Genet. 6(2), 95-108",
}

@article{risch,
  author = "NJ Risch",
  title = "Searching for genetic determinants in the new millennium",
  year = 2000,
  journal = "Nature. 405, 847-56",
}

@article{unoki,
  author = "A Unoki and H. A et.al",
  title = "SNPs in KCNQ1 are associated with susceptibility to type 2 diabetes in East Asian and European populations",
  year = 2008,
  journal = "Nature Genet. 40, 1098-1102",
}

@article{yasuda,
  author = "A Yasuda and H. A et.al",
  title = "Variants in KCNQ1 are associated with susceptibility to type 2 diabetes mellitus",
  year = 2008,
  journal = "Nature Genet. 40, 1092-1097",
}

@article{kim,
  author = "A Kim and H. A et.al",
  title = "Alpha-T-catenin (CTNNA3) gene was identified as a risk variant for toluene diisocyanate-induced asthma by genome-wide association analysis",
  year = 2009,
  journal = "Clin. Exp. Allergy. 39, 203-212",
}

@article{cho,
  author = "YS Cho and MJ Go and YJ Kim and  JY Heo and JH Oh and HJ Ban and D Yoon and MH Lee and DJ Kim and M Park and SH Cha and JW Kim and BG Han and H Min and Y Ahn and MS Park and HR Han and HY Jang and Cho EY and JE Lee and NH Cho and C Shin and T Park and JW Park and JK Lee and L Cardon and G Clarke and MI McCarthy and JY Lee and JK Lee and B Oh and HL Kim",
  title = "A large-scale genome-wide association study of Asian populations uncovers genetic factors influencing eight quantitative traits",
  year = 2009,
  journal = "Nature Genet. 41, 527-534",
}

@article{zhang,
  author = "XJ Zhang and W Huang and S Yang and LD Sun and FY Zhang and QX Zhu and FR Zhang and C Zhang and WH Du and XM Pu and H Li and FL Xiao and ZX Wang and Y Cui and F Hao and J Zheng and XQ Yang and H Cheng and CD He and XM Liu and LM Xu and HF Zheng and SM Zhang and JZ Zhang and HY Wang and YL Cheng and BH Ji and QY Fang and YZ Li and FS Zhou and JW Han and C Quan and B Chen and JL Liu and D Lin and L Fan and AP Zhang and SX Liu and CJ Yang and PG Wang and WM Zhou and GS Lin and WD Wu and X Fan and M Gao and BQ Yang and WS Lu and Z Zhang and KJ Zhu and SK Shen and M Li and XY Zhang and TT Cao and W Ren and X Zhang and J He and XF Tang and S Lu and JQ Yang and L Zhang and DN Wang and F Yuan and XY Yin and HJ Huang and HF Wang and XY  Lin and JJ Liu",
  title = "Psoriasis genome-wide association study identifies susceptibility variants within LCE gene cluster at 1q21",
  year = 2009,
  journal = "Nature Genet. 41, 205-210",
}

@article{garcia,
  author = "MM Garcia-Barceloa and CSm Tangc and ESw Ngana and VCh Luia and Y Chena and Mt Soa and TL Yuk-yu and Xp Miao and CKy Shuma and Fq Liua and My Yeung and Zw Yuane and Wh Guof and L Liuc and Xb Sung and Lm Huang and Jf Tou and Yq Song and D han and KMC Cheung and KKy Wong and SS Chernyc and Pc Shamb and PKhang Tam",
  title = "Genome-wide association study identifies NRG1 as a susceptibility locus for Hirschsprung’s disease",
  year = 2009,
  journal = "Proc. Natl Acad. Science. 106, 2694-2699",
}

@article{thye1,
  author = "TH Thye and FO Vannberg and SH Wong and E Owusu-Dabo and I Osei and J Gyapong and G Sirugo and F Sisay-Joof and A Enimil and MA Chinbuah and S Floyd and DK Warndorff and L Sichali and S Malema and AC Crampin and B Ngwira and YY Teo and K Small and K Rockett and D Kwiatkowski and PE Fine and PC Hill and M Newport and C Lienhardt and RA Adegbola and T Corrah and A Ziegler and W WTCCC and AP Morris and CG Meyer and RD Horstmann and AVS Hill",
  title = "Genome-wide association analyses identifies a susceptibility locus for tuberculosis on chromosome 18q11.2",
  year = 2010,
  journal = "Nat. Genet. 42, 739-741",
}

@article{thye2,
  author = "TH Thye and E Owusu-Dabo and FO Vannberg and RV Crevel and J Curtis and E Sahiratmadja and Y Balabanova and C Ehmen and B Muntau and G Ruge and J Sievertsen and J Gyapong and V Nikolayevskyy and PC Hill and G Sirugo and F Drobniewski and EV de.Vosse and M Newport and B Alisjahbana and S Nejentsev and THM Ottenhoff and AVS Hill and RD Horstmann and CG Meyer",
  title = "Common variants at 11p13 are associated with susceptibility to tuberculosis",
  year = 2012,
  journal = "Nat. Genet. 44, 257-259",
}

@article{stein,
  author = "Catherine Stein",
  title = "Genetic Epidemiology of Tuberculosis Susceptibility:Impact of Study Design",
  year = 2011,
  journal = "PLoS Pathog. 7(1), e1001189",
}

@article{dudbri,
  author = "F Dudbridge and A Gusnanto",
  title = "Estimation of significance thresholds for genomewide association scans",
  year = 2008,
  journal = "Genet. Epidemiol. 32(3), 227-34",
}

@article{emx,
  author = "H Kang and J Sul and S Service and N Zaitlen and K Sit-yee and N Freimer and C Sabatti and E Eskin",
  title = "Variance component model to account for sample structure in genome-wide association studies",
  year = 2010,
  journal = "Nat Genet. 42, 348-354",
}

@article{emax1,
  author = "X Zhou and M Stephens",
  title = "Genome-wide efficient mixed-model analysis for association studies",
  year = 2012,
  journal = "Nat Genet. 44(7), 821-4",
}

@article{apl1,
  author = "N Rosenberg and L Huang and E Jewett and Z Szpiech and I Jankovic and M Boehnke",
  title = "Genomewide association studies in diverse populations",
  year = 2010,
  journal = "Nature Reviews Genet. 11, 356-366",
}

@article{apl3,
  author = "B Pasaniuc and N Zaitlen and G Lettre and G Chen and A Tandon and W Linda Kao and I Ruczinski and M Fornage and D Siscovick and X Zhu and E Larkin and L Lange and A Cupples and Q Yang and E Akylbekova and S Musani and J Divers and J Mychaleckyj and M Li and G Papanicolaou and R Millikan and C Ambrosone and E John and L Bernstein and W Zheng and J Hu and R Ziegler and S Nyante and E Bandera and S Ingles and M Press and S Chanock and S Deming and J Rodriguez-Gil and C Palmer and S Buxbaum and L Ekunwe and J Hirschhorn and B Henderson and S Myers and C Haiman and D Reich and N Patterson and J Wilson and AL Price",
  title = "Enhanced Statistical Tests for GWAS in Admixed Populations: Assessment using {African Americans} from {CAR}e and a Breast Cancer Consortium",
  year = 2011,
  journal = "PLoS Genet.7(4), e1001371",
}

@article{wu,
  author = "J Wu and T Vallenius and K Ovaska and J Westermarck and TP Mäkelä and F Hautaniemi",
  title = "Integrated Network analysis platform for protein-protein interactions",
  year = 2009,
  journal = "Nat. Meth. 6, 75-77",
}

@article{cowy,
  author = "Mj Cowley and M. Pinese and KS Kassahn and N. Waddell and JV Pearson and SM Grimmond and AV Biankin and S. Hautaniemi and J Wu",
  title = "PINA v2.0: mining interactome modules",
  year = 2012,
  journal = "Nucleic Acids Res, 40, D862-865",
}

@article{ncbi,
  author = "N (NCBI)",
  title = "National Center for Biotechnology Information",
  year = 2009,
  journal = "ftp://ftp.ncbi.nih.gov",
}

@article{liftover,
  author = "N (LiftOver)",
  title = "Galaxy",
  year = 2009,
  journal = "http://galaxy.psu.edu/",
}

@article{lehne,
  author = "B Lehne and CM Lewis and T Schlitt",
  title = "GalaxyExome localization of complex disease association signals",
  year = 2011,
  journal = "BMC Genomics. 12, 1-92",
}

@article{hokaye,
  author = "JE Hokayem and C Huber and A Couvé and J Aziza and G Baujat and R Bouvier and DP Cavalcanti and FA Collins and MP Cordier and AL Delezoide and M Gonzales and D Johnson and MLe Merrer and A Levy-Mozziconacci and P Loget and D Martin-Coignard and J Martinovic and GR Mortier and P Marie-José and J Roume and G Scarano and A Munnich and V Cormier-Daire",
  title = "NEK1 and DYNC2H1 are both involved in short rib polydactyly Majewski type but not in Beemer Langer cases",
  year = 2012,
  journal = "Am J. Med Genet. 49, 227-233", 
 
}

@article{bhatta,
  author = "S Bhattacharjee and P Rajaraman and KB Jacobs and WA Wheeler and BS Melin and P Hartge and G Consortium and M Yeager and CC Chung and SJ Chanock and N Chatterjee",
  title = "A Subset-based approach improves power and interpretation for the combined analysis of genetic
Association Studies of Heterogeneous Traits",
  year = 2012,
  journal = "Am J. of Hum Genet. 90, 821-835",
}
@article{hapa,
  author = "A Sundquist and E Fratkin and B Chuong Do and S Batzoglou",
  title = "Effect of genetic divergence in identifying ancestral origin using HAPAA",
  year = 2008,
  journal = "Genome Res. 18, 676-682 ",
}

@article{world,
  author = "WHO",
  title = "World Health Organization",
  year = 2000,
  Journal = "Bulletin of WHO"
}
@article{elen,
  author = "Ellen van-der-Eijk and Esther van-de-Vosse and Jan Vandenbroucke and Jaap van-Dissel",
  title = "Heredity versus environment in Tuberculosis in twins",
  year = 2007,
  journal = "Am J. Respir Crit Care Med. 176, 1281-1288",
 }
@article{flyn,
  author = "J Flynn",
  title = "Lessons from experimental Mycobacterium tuberculosis infections",
  year = 2006,
  journal = "Microbes Infect. 8, 1179-1188",
 }
@article{flyn,
  author = "J Flynn",
  title = "Tuberculosis research. Balancing the portfolio",
  year = 1996,
  journal = "JAMA. 276, 1512-1513",
 }
@article{smal,
  author = "PM Small",
  title = "Tuberculosis research. Balancing the portfolio",
  year = 1996,
  journal = "JAMA. 276, 1512-1513",
 }

@article{rajes,
  author = "R. Kumar and AM. Seibold and C Melinda Aldrich and L. Keoki Williams and P Alex Reiner and Laura Colangelo and Joshua Galanter and Christopher Gignoux and Donglei Hu and Saunak Sen and Shweta Choudhry and L Edward Peterson and Jose Rodriguez-Santana and William Rodriguez-Cintron and Michael Nalls and Tennille Leak and Ellen Meara and Bernd Meibohm and Stephen Kritchevsky and Rongling Li and Tamara Harris and Deborah Nickerson and Myriam Fornage and Paul Enright and Elad Ziv and Lewis Smith and Kiang Liu and Esteban González-Burchard",
  title = "Genetic ancestry in Lung-function predictions",
  year = 2010,
  journal = "N. Engl. J. Med. 363, 321-330",
 }

@article{florez,
  author = "JC Florez and AL Price and D Campbell and L Riba and MV Parra and F Yu and C Duque and R Saxena and N Gallego and M Tello-Ruiz and L Franco and M Rodríguez-Torres and A Villegas and G Bedoya and CA Aguilar-Salinas and MT Tusié-Luna and A Ruiz-Linares and D Reich",
  title = "Strong association of socioeconomic status with genetic ancestry in Latinos: Implications for admixture studies of type 2 diabetes",
  year = 2009,
  journal = "Diabetologia. 52(8), 1528-36",
 }

@article{hudel,
  author = "P Hudelson",
  title = "Gender differentials in tuberculosis and lung disease, management of tuberculosis: a guide for low income countrie",
  year = 1996,
  journal = "International Union Against Tuberculosis and Lung Disease, 5th ed. Paris",
 }
@article{world1,
  author = "WHO",
  title = "Reaching the poor: Challenges for tuberculosis programmes in the western Pacific Region",
  year = 2004,
  journal = "Manila: WHO Regional Office for the Western Pacific",
}
@article{world2,
  author = "WHO",
  title = "30 Gender-based analysis of tuberculosis-related data and other information",
  year = 2005,
  journal = "WHO Representative in Viet Nam",
}

@article{sonia,
  author = "Sonia Davila and Martin Hibberd and Ranjeeta Dass and E Hazel Wong and Edhyana Sahiratmadja and Carine Bonnard and Bachti Alisjahbana and Jeffrey Szeszko and Yanina Balabanova and Francis Drobniewski and Reinout Crevel and Esther van-Vosse and Sergey Nejentsev and Tom Ottenhoff and Mark Seielstad",
  title = "Genetic association and expression studies indicate a role of {Toll-like Receptor} 8 in pulmonary Tuberculosis",
  year = 2008,
  journal = "PLoS Genet. 4, e1000218", 
}
@article{carina,
  author = "CM. Schlebusch and P. Skoglund and P. Sjodin and LM. Gattepaille and D. Hernandez and F. Jay and S. Li and MD. Jongh and A. Singleton and MG. Blum and H. Soodyall and M. Jakobsson",
  title = "Genomic variation in seven {Khoe-San} groups reveals adaptation and complex {African} history",
  year = 2012,
  journal = "Science. 338, 374-379",
}	

@article{hapge,
  author = "Su Zhan and Jonathan Marchini and Peter Donnelly",
  title = "HAPGEN2: simulation of multiple disease SNPs",
  year = 2011,
  journal = "Bioinformatics. 7 (16), 2304-2305",
}

@article{chmulti,
  author = "C. Churchhouse and J. Marchini",
  title = "Multiway admixture deconvolution using phased or unphased ancestral panels",
  year = 2012,
  journal = "Genet. Epidemiology. 37, 1-12",
}

@article{pcadm,
  author = "B. Henn and L. Botigue and S. Gravel and W. Wang and A. Brisbin and J. Byrnes and K. Fadhlaoui-Zid and P. Zalloua and A. Moreno and J. Bertranpetit and C. Bustamante and D. Comas",
  title = "Genomic ancestry of north {Africans} supports back-to-{Africa} migrations",
  year = 2012,
  journal = "Nat. Comm. 3 (1143) 2140",
}

@article{comt,
  author = "J. Rodriguez and S. Bercovici and M. Elmore and S. Batzoglou",
  title = "Ancestry inference in complex admixtures via variable-length Markov chain linkage models",
  year = 2012,
  journal = "J. Comput. Biol. 20(3):199-211",
}

@article{erich,
  author = "E. Glaab and A. Baudot and N. Krasnogor and R. Schneider and A. Valencia",
  title = "EnrichNet: network-based gene set enrichment analysis",
  year = 2012,
  journal = "Bioinformatics. 28 (18), 451-457",
}

@article{guo,
  author = "G. Peng and Z. Guo and Y. Kiniwa and KS. Voo and W. Peng and T. Fu and DY. Wang and Y. Li and HY. Wang and RF. Wang",
  title = "Toll-like receptor 8-mediated reversal of CD4+ regulatory T cell function",
  year = 2011,
  journal = "Science. 309 (5739), 1380-4",
}
@article{yaoy,
  author = "Y Dai and X Zhang and H Pan and S Tang and H Shen and and J Wang",
  title = "Fine mapping of genetic polymorphisms of pulmonary tuberculosis within chromosome 18q11.2 in the Chinese population: a case-control study",
  year = 2011,
  journal = "BMC. Infect. Dis. 11, 211-282",

}

@article{raus,
  author = "FJ Rauscher",
  title = "The WT1 Wilms tumor gene product: A developmentally regulated transcription factor in the kidney that functions as a tumor suppressor",
  year = 1993,
  journal = "FASEB J. 896-903, PMID 8393820",
}
@article{sums,
  author = "S Sum and YM Eleanor and B Peng and X Yu and J Chen and J Byrne and GJ Lindeman and JE Visvader",
  title = "The LIM domain protein LMO4 interacts with the cofactor CtIP and the tumor suppressor BRCA1 and inhibits BRCA1 activity",
  year = 2002,
  journal = "J. Biol.Chem. 277 (10), 7849-56, PMID 11751867",
}

@article{wranr,
  author = "NR Wray and SH Lee and and KS Kendler",
  title = "Impact of diagnostic misclassification on estimation of genetic correlations using genome-wide genotypes",
  year = 2012,
  journal = "Eur J. Hum Genet. 20(6), 668-674",
}

@article{cheuner,
  author = "MT Scheuner and PW Yoon and MJ Khoury",
  title = "Contribution of mendelian disorders to common chronic disease; Opportunities for recognition, intervention, and prevention",
  year = 2004,
  journal = "Am J. Med Genet. 125C(1), 50-65",
}

@article{manio,
  author = "AT Manolio and S Francis and  Collins and J Nancy and Cox and B David and Goldstein and A Lucia and DJ Hunter and MI McCarthy and EM Ramos and LR Cardon and Aravinda Chakravarti and JH Cho and AE Guttmacher and A Kong and L Kruglyak and E Mardis and CN. Rotimi i and M Slatkin and D Valle and AS Whittemore and M Boehnke and AG Clark and EE Eichler and G Gibson and JL Haines and TC Mackay and SA McCarroll and PM Visscher",
  title = "Finding the missing heritability of complex diseases",
  year = 2004,
  journal = "Nature. 461(7265), 747-753",
}

@article{galant,
  author = "JM Galanter and JC Fernandez-Lopez and CR Gignoux and J Barnholtz-Sloan and C Fernandez-Rozadilla and M Via and A Hidalgo-Miranda and AV Contreras and LU Figueroa and P Raska and G Jimenez-Sanchez and IS Zolezzi and M Torres and C Ponte and Y Ruiz and A Salas and E Nguyen and C Eng and L Borjas and W Zabala and G Barreto and FR González and A Ibarra and P Taboada and L Porras and F Moreno and A Bigham and G Gutierrez and T Brutsaert and F León-Velarde and LG Moore and E Vargas and M Cruz and J Escobedo and J Rodriguez-Santana and W Rodriguez-Cintrón and R Chapela and JG Ford and C Bustamante and D Seminara and M Shriver and E Ziv and EG Burchard",
  title = "Development of a panel of Genome-Wide ancestry informative markers to study admixture throughout the Americas",
  year = 2012,
  journal = "PLOS Genet. 8(3), e1002554",
}

@article{blak,
  author = "JC Blake and JW Taanman and AM Morris and RG Gray and JM Cooper and PJ McKiernan and JV Leonard and AH Schapira",
  title = "Mitochondrial DNA depletion syndrome is expressed in amniotic fluid cell cultures",
  year = 1999,
  journal = "Am J. Pathol. 155(1), 67-70",
}

@article{lij,
  author = "J Li and Yf Guo and Y Pei and D Hong-Wen",
  title = "The impact of imputation on Meta-analysis of Genome-Wide Association Studies",
  year = 2012,
  journal = "PLoS ONE. 7(4), e34486",
}

@article{ghera,
  author = "DK Sanghera and L Been and L Ortega and GS Wander and NK Mehra and CE Aston and JJ Mulvihill and S Ralhan",
  title = "Testing the association of novel meta-analysis-derived diabetes risk genes with type II diabetes and related metabolic traits in Asian Indian Sikhs",
  year = 2009,
  journal = "J of Hum Genet. 54, 162-168",
}

@article{taige,
  author = "H Staiger and F Machicao and K Kantartzis and SA Schafer and K Kirchhoff and M Guthoff and G Silbernagel and N Stefan and A Fritsche and HU Häring",
  title = "Novel Meta-Analysis-derived type 2 Diabetes risk loci do not determine prediabetic phenotypes",
  year = 2008,
  journal = "Plos One. 3, e3019",
}

@article{gelou,
  author = "E Evangelou and DM Maraganore and JP Ioannidis",
  title = "Meta-Analysis in Genome-Wide Association datasets: Strategies and application in Parkinson disease",
  year = 2008,
  journal = "Plos One. 2, e196",
}

@article{reira,
  author = "MA Ferreira and MC O'Donovan and YA Meng and IR Jones and DM Ruderfer and L Jones and J Fan and G Kirov and RH Perlis and EK Green and JW Smoller and D Grozeva and J Stone and I Nikolov and K Chambert and ML Hamshere and VL Nimgaonkar and V Moskvina and ME Thase and S Caesar and GS Sachs and J Franklin and K Gordon-Smith and KG Ardlie and SB Gabriel and C Fraser and B Blumenstiel and M Defelice and G Breen and M Gill and DW Morris and A Elkin and WJ Muir and KA McGhee and R Williamson and DJ MacIntyre and AW MacLean and St CD and M Robinson and M Van Beck and AC Pereira and R Kandaswamy and A McQuillin and DA Collier and NJ Bass and AH Young and J Lawrence and IN Ferrier and A Anjorin and A Farmer and D Curtis and EM Scolnick and P McGuffin and MJ Daly and AP Corvin and PA Holmans and DH Blackwood and HM Gurling and MJ Owen and SM Purcell and P Sklar and N Craddock and WTCCC",
  title = "Collaborative genome-wide association analysis supports a role for ANK3 and CACNA1C in bipolar disorder",
  year = 2008,
  journal = "Nature Genet. 40, 1056-1058",
}

@article{costa,
  author = "GN Costa and LA Magno and CV Santana and C  and ST Saito and M Machado and Di Pietro and L Bastos-Rodrigues and DM Miranda and LD De Marco and MA Romano-Silva and F Rios-Santos",
  title = "Genetic interaction between NAT2, GSTM1, GSTT1, CYP2E1, and environmental factors is associated with adverse reactions to anti-tuberculosis drugs",
  year = 2012,
  journal = "Mol Diagn Ther. 16(4), 241-350",
}

@article{kosoy,
  author = "R Kosoy and R Nassir and C Tian and PA White and Lesley Butler and Gabriel Silva and Rick Kittles and ME Alarcon-Riquelme and PK Gregersen and JW Belmont and FM DeLaVega and MF Seldin",
  title = "Ancestry Informative Marker sets for determining continental origin and admixture proportions in Common populations in America",
  year = 2009,
  journal = "Hum Mutat. 30(1), 69-78",
}

@article{Liu1,
  author = "Y Liu and T Nyunoya and S Leng and SA Belinsky and Y Tesfaigzi and S Bruse",
  title = "Software and methods for estimating genetic ancestry human population",
  year = 2013,
  journal = "Hum Genomics. 7(1), 1",
}

@article{loh,
  author = "PR. Loh and M. Lipson and N. Patterson and P. Moorjani and JK. Pickrell and D. Reich and B. Berger",
  title = "Inferring admixture histories of human populations using linkage disequilibrium",
  year = 2013,
  journal = "Nat Genetics (in press).",
}

@article{emile,
  author = "ER. Chimusa and A. Meintjes and  MS. Tchanga and NJ. Mulder and H. Soodyall and R. Ramesar",
  title = "Genome-wide haplotype and signature of selection in indigenous southern {African} populations",
  year = 2013,
  journal = "(Preparation).",
}

@article{chims1,
  author = "ER. Chimusa and M. Daya and M. Moller and R. Ramesar and BM. Henn and NJ. Mulder and EG. Hoal",
  title = "Determining Ancestry Proportions in Complex Admixture Scenarios in South Africa Using a Novel Proxy Ancestry Selection Method",
  year = 2013,
  journal = "PLoS ONE 8(9): e73971. doi:10.1371/journal.pone.0073971",
}

@article{seld2,
  author = "MF. Seldin",
  title = "Admixture mapping as a tool in gene discovery",
  year = 2007,
  journal = "Genet Dev 17, 177-181.",
}

@article{paul2,
  author = "PM. McKeigue",
  title = "Mapping genes underlying ethnic differences in disease risk by linkage disequilibrium in recently admixed populations",
  year = 1997,
  journal = "Am J Hum Genet. 60, 188-196.",
}

@article{tang2,
  author = "H. Tang and S. Choudhry and R. Mei and M. Morgan and W. Rodriguez-Cintron and et al",
  title = "Recent genetic selection in the ancestral admixture of {Puerto Ricans}",
  year = 2007,
  journal = "Am. J. Hum. Genet. 81, 626-633.",
}

@article{hott2,
  author = "CJ. Hoggart and EJ. Parra and MD. Shriver and C. Bonilla and RA. Kittles and et al",
  title = "Control of confounding of genetic associations in stratified populations",
  year = 2003,
  journal = "Am. J. Hum. Genet. 72, 1492-1504.",
}

@article{faff,
  author = "CL. Pfaff CL and EJ. Parra and C. Bonilla and K. Hiester and PM. McKeigue and et al",
  title = "Population structure in admixed populations: effect of admixture dynamics on the pattern of linkage disequilibrium",
  year = 2001,
  journal = "Am. J. Hum. Genet. 68, 198-207.",
}

@article{bray,
  author = "SM. Bray and JG. Mulle and AF. Dodd and AE. Pulver and S. Wooding and et al",
  title = "Signatures of founder effects, admixture, and selection in the Ashkenazi Jewish population",
  year = 2010,
  journal = "Proc. Nat. Ac. Sci. 107, 162-16227.",
}

@article{path,
  author = "K. Wang and M. Li and H. Hakonarson",
  title = "Analysing biological pathways in genome-wide association studies",
  year = 2010,
  journal = "Nat. Rev. Genet. 11, 843-854.",
}

@article{hunter,
  author = "DJ Hunter and P Kraft and KB Jacobs and GG Cox and M Yeager and SE Hankinson and S Wacholder and Z Wang and R Welch and A Hutchinson and J Wang and K Yu and N Chatterjee and N Orr and WC Willett and GA Colditz and RG Ziegler and CD Berg and SS Buys and CA McCarty and HS Feigelson and EE Calle and MJ Thun and RB Hayes and M Tucker and DS Gerhard and JF Fraumeni and RN Hoover and G Thomas and SJ Chanock",
  title = "A genome-wide association study identifies alleles in FGFR2 associated with risk of sporadic postmenopausal breast cancer",
  year = 2007,
  journal = "Nat. Genet. 39, 870-874.",
}

@article{1000g,
  author = "GA McVean and DM Altshuler and RM Durbin and GA Abecasis and DR Bentley and A Chakravarti and AG Clark and P Donnelly and et al.",
  title = "An integrated map of genetic variation from 1,092 human genomes",
  year = 2012,
  journal = "Nat. 491 (7422), 56 - 65.",
}

@article{sizeg,
  author = "W Yang and L Fuentes and VG Davila-Roman and CC Gu",
  title = "Variable set enrichment analysis in genome-wide association studies",
  year = 2011,
  journal = "Eur. J.Hum. Genet. 19, 893-900.",
}

@article{toll,
  author = "S Akira and K Takeda",
  title = "Toll-like receptor signalling",
  year = 2012,
  journal = "Nat. Rev. Immunol. 2004 Jul;4(7), 499-511",
}

@article{lith,
  author = "H Liang and L Wen-Hsiung",
  title = "Gene essentiality, gene duplicability and protein connectivity in human and mouse",
  year = 2007,
  journal = "Trends in Genetics, Vol 23, 375-378",
}

@article{hapm,
  author = "International HapMap3",
  title = "Integrating common and rare genetic variation in diverse human populations",
  year = 2010,
  journal = "Nat. Vol 467, doi: 10.1038/nature09298",
}

@article{benj,
  author = "Y. Benjamini and  Y. Hochberg",
  title = "Controlling the False Discovery Rate- A Practical and Powerful Approach to Multiple Testing",
  year = 1995,
  journal = "J. Royal Stat. Soc. Series B-Methodol., 57, 289-300",
}

@article{Zayk,
  author = "D. Zaykin and L. Zhivotovsky and P. Westfall and B. Weir",
  title = "Truncated Product Method for Combining P-values",
  year = 2002,
  journal = "Genet. Epid. 22, 170-185",
}

@article{Kost,
  author = "J. Kost and M. McDermott",
  title = "Combining Dependent P-values",
  year = 2002,
  journal = "Stat. and Prob. Letters, 60, 183–190",
}

@article{lipt,
  author = "T. Liptak",
  title = "On the Combination of Independent Tests",
  year = 1958,
  journal = "Magyar Tudomnyos Akadmia Matematikai Kutat Intezetenek Kozlemenyei, 3, 1971–1977",
}

@article{fish,
  author = "R. Fisher",
  title = "Statistical Methods for Research Workers",
  year = 1958,
  journal = "(4th Edition ed.), London: Oliver and Boy",
}

@article{hess,
  author = "A. Hess and H. Iyer",
  title = "Fisher’s Combined P-value for Detecting Differentially Expressed Genes using Affymetrix Expression Arrays",
  year = 2007,
  journal = "BMC Genomics, 8",
}

@article{folk,
  author = "J. Folks",
  title = "Combination of independent tests",
  year = 1984,
  journal = "in P. Krishnaiah, ed., Hand-book of Statistics 4: Nonparametric Methods, Amsterdam: Elsevier, 113–121",
}

@article{hedge,
  author = "L. Hedges and I. Olkin",
  title = "Statistical Methods for Meta-Analysis",
  year = 1985,
  journal = "London:Academic Press",
}

@article{loughi,
  author = "T. Loughin",
  title = "A Systematic Comparison of Methods for Combining P-values from Independent Tests",
  year = 2004,
  journal = "Comp. Stat.and Data Analysis, 47,467–485",
}

@article{shiro,
  author = "Y.M. Shirokov",
  title = "Algebra of one-dimensional generalized functions",
  year = 1979,
  journal = "TMF 39 (3): 471–477. doi:10.1007/BF01017992",
}

@article{sidney,
  author = "S. Sidney",
  title = "Non-parametric statistics for the behavioral sciences",
  year = 1956,
  journal = "New York: McGraw-Hill. pp. 75–83",
}

@article{frank,
  author = "F. Wilcoxo",
  title = "Individual comparisons by ranking methods",
  year = 1945,
  journal = "Biometrics Bulletin 1 (6): 80–83",
}

@article{wasser,
  author = "L. Wasserman",
  title = "All of statistics",
  year = 2004,
  journal = "Springer New York",
}

@article{penny,
  author = "P.D. Penny WD and S.J. Roberts",
  title = "Variational bayes for 1-dimensional mixture models",
  year = 2000,
  journal = "Techn. Report PARG-00-2, Engineering Science, University of Oxford",
}

@article{kaneh,
  author = "M. Kanehisa and S. Goto and Y. Sato and M. Furumichi and M. Tanabe",
  title = "KEGG for integration and interpretation of large-scale molecular data sets",
  year = 2012,
  journal = "Nucleic Acids Re:D109-14. doi: 10.1093/nar/gkr988",
}

@article{berge,
  author = "S.I. Berger and J.M. Posner and  A. Maayan",
  title = "Genes2Networks: connecting lists of gene symbols using mammalian protein interactions databases",
  year = 2007,
  journal = "BMC bioinformatics 8: 372",
}

@article{pathsi,
  author = "F. Zhang and X. Guo and J. Ma",
  title = "PATHSIMU: A Flexible Simulating Tool for Pathway-based Genome-wide Association Studies",
  year = 2012,
  journal = "1: 116. doi:10.4172/scientificreports.116",
}

@article{chims,
  author = "ER. Chimusa and Z. Noah and D. Michelle and M. Marlo and N.J. Mulder and A.L. Price and E.G Hoal",
  title = "Genome-wide association study of ancestry-specific TB risk in the South African Coloured population",
  year = 2012,
  journal = "Hum.Mol. Genet. doi:10.1093/hmg/ddt462",
}

@article{choi,
  author = "S.C Choi",
  title = "Tests of Equality of Dependent Correlation Coefficients",
  year = 1977,
  journal = "Biometrika 64 (3): 645–647. doi:10.1093/biomet/64.3.645",
}

@article{add1,
  Author = "GK. Mazandu and NJ. Mulder",
  title = "Generation and analysis of large-scale data-driven \textit{Mycobacterium tuberculosis} functional networks for drug target identification",
  year = 2011,
  Journal = {Adv Bioinformatics:ID 801478, 14},
}

@article{breasta,
  Author = "KM Dhodapkar and J. Krasovsky and B. Williamson and MV. Dhodapkar",
  title = "Antitumor monoclonal antibodies enhance cross-presentation ofcCellular antigens and the generation of myeloma-specific killer T cells by dendritic cells",
  year = 2002,
  Journal = {J. Exp. Med., 125–33. doi:10.1084/jem.20011097},
}

@article{breastb,
  Author = "Orecchia and R. Conte and E. Balza and A. Petretto and P. Mauri and MC. Mingari and et al",
  title = "A novel human anti-syndecan-1 antibody inhibits vascular maturation and tumour growth in melanoma",
  year = 2013,
  Journal = {Eur. J. Cancer, 49(8):2022-33. doi:10.1016/j.ejca},
}

@article{breastc,
  Author = "Y. Yang and V. MacLeod and Y. Dai and Y. Khotskaya-Sample and Z. Shriver and G. Venkataraman and et alelanoma",
  title = "The syndecan-1 heparan sulfate proteoglycan is a viable target for myeloma therapy",
  year = 2007,
  Journal = {Blood 110(6):2041-8. doi:10.1182/blood-2007-04-082495},
}

@article{breastd,
  Author = "C. Rousseau and AL. Ruellan and K. Bernardeau and F. Kraeber-Bodere and S. Gouard and D. Lous-souarn and et al",
  title = "Syndecan-1 antigen, a promising new target for triple-negative breast cancer immuno-PET and radioimmunotherapy. A preclinical study on MDA-MB-468 xenograft tumors",
  year = 2011,
  Journal = {EJNMMI Res (2011) 1(1):20. doi:10.1186/2191-219X-1-20},
}

@article{gala,
  Author = "B. Pasaniuc and S. Sankararaman and DG. Torgerson and C. Gignoux and N. Zaitlen and C. Eng and W. Rodriguez-Cintron and R. Chapela and JG. Ford and PC. Avila and J. Rodriguez-Santana and GK. Chen and LM. Le and B. Henderson and D. Reich and CA. Haiman and BE. Gonzàlez and E. Halperin",
  title = "Analysis of Latino populations from GALA and MEC studies reveals genomic loci with biased local ancestry estimation",
  year = 2013,
  Journal = {Bioinformatics. 29(11):1407-15. doi: 10.1093/bioinformatics/btt166},
}

@article{kimur,
  Author = "M. Kimura and T. Maruyama",
  title = "The Mutational Load with Epistatic Gene Interactions in Fitness",
  year = 1966,
  Journal = {Genet 54: 1337-1351},
}
@article{philp,
  Author = "PC. Phillips",
  title = "Epistasis–the essential role of gene interactions in the structure and evolution of genetic systems",
  year = 2008,
  Journal = {Nat Rev Genet 9: 855-867},
}

@article{segre,
  Author = "D. Segre and A. Deluna and GM. Church and R. Kishony",
  title = "Modular epistasis in yeast metabolism",
  year = 2005,
  Journal = {Nat Rev Genet 9: 855-867},
}

@article{ott,
  Author = "Q. Zhang and Q. Long and J. Ott",
  title = "AprioriGWAS, a New Pattern Mining Strategy for Detecting Genetic Variants Associated with Disease through Interaction Effects",
  year = 2014,
  Journal = {PLoS Comput Biol 10(6): e1003627. doi:10.1371/journal.pcbi.1003627},
}
@article{iong,
  Author = "J. Zhao and L. Jin and M. Xiong",
  title = "Test for Interaction between Two Unlinked Loci",
  year = 2006,
  Journal = {Am. J. Hum. Genet.79:831-845},
}
@article{bellm,
  Author = "R. Bellman",
  title = "Adaptive Control Processes: a Guided Tour",
  year = 1961,
  Journal = {Princeton:Princeton University Press},
}
@article{wu3,
  Author = "X. Wu and H. Dong and L. Luo and Y. Zhu and G. Peng",
  title = "Epistatic module detection for case-control studies: a Bayesian model with a Gibbs sampling strategy",
  year = 2010,
  Journal = {PLoS Genet 6: e1001131. doi:10.1371/journal.pgen.1001131},
}
@article{wu4,
  Author = "W. Tang and X. Wu and R. Jiang and Y. Li",
  title = "A novel statistic for genome-wide interaction analysis",
  year = 2009,
  Journal = {PLoS Genet 5:e1000464},
}
@article{wu5,
  Author = "Steen KV",
  title = "Travelling the world of gene-gene interactions",
  year = 2012,
  Journal = {Brief Bioinform 13: 1-19},
}
@article{wu6,
  Author = "SK. Musani and D. Shriner and N. Liu and R. Feng and CS. Coffey",
  title = "Detection of gene x gene interactions in genome-wide association studies of human population data",
  year = 2007,
  Journal = {Hum. Hered. 63: 67-84},
}
@article{wum,
  Author = "J. Marchini and P. Donnelly and LR. Cardon",
  title = "Genome-wide strategies for detecting multiple loci that influence complex diseases",
  year = 2005,
  Journal = {Nat. Genet. 37: 413-417},
}

@article{wuka,
  Author = "T. Kam-Thong and D. Czamara and K. Tsuda and K. Borgwardt and CM. Lewis",
  title = "EPIBLASTER-fast exhaustive two-locus epistasis detection strategy using graphical processing units",
  year = 2011,
  Journal = {Eur J. Hum. Genet. 19: 465-471},
}
@article{wuhr,
  Author = "C. Herold and M. Steffens and FF. Brockschmidt and MP. Baur and T. Becker",
  title = "INTERSNP: genome-wide interaction analysis guided by a priori information",
  year = 2009,
  Journal = {Bioinformatics 25: 3275–3281},
}
@article{barazi,
  Author = "Baranzini and NW. Galwey and J. Wang and P. Khankhanian and R. Lindberg and D. Pelletier and W. Wu and BW. Uitdehaag and L. Kappos and GA. Consortium and CH. Polman and PM. Matthews and SL. Hauser and RA. Gibson and JR. Oksenberg and MR. Barnes",
  title = "Pathway and network-based analysis of genome-wide association studies in multiple sclerosis",
  year = 2009,
  Journal = {Hum. Mol. Genet. 18(11):2078-90. doi: 10.1093/hmg/ddp120},
}
@article{dushl,
  Author = "C. O'Dushlaine and E. Kenny and EA. Heron and R. Segurado and M. Gill and DW. Morris and A. Corvin",
  title = "The SNP ratio test: pathway analysis of genome-wide association datasets",
  year = 2009,
  Journal = {Bioinformatics 25 (20):2762-2763. doi: 10.1093/bioinformatics/btp448},
}
@article{ruao,
  Author = "D. Ruano and GR. Abecasis and B. Glaser and ES. Lips and LN. Cornelisse and AP. Jong and DM. Evans and DG Smith and NJ. Timpson and AB. Smit and P. Heutink and M. Verhage and D. Posthuma",
  title = "Functional gene group analysis reveals a role of synaptic heterotrimeric G proteins in cognitive ability",
  year = 2010,
  Journal = {Am. J. Hum. Genet. 2010 Feb 12;86(2):113-25. doi: 10.1016/j.ajhg.2009.12.006},
}
@article{dara,
  Author = "DG. Torgerson and CR. and Gignoux and JM. Galanter and KA. Drake and LA. Roth and C. Eng and S. Huntsman and R. Torres and PC. Avila and R. Chapela and JG. Ford and JR. Rodríguez-Santana and W. Rodríguez-Cintrón and RD. Hernandez and EG. Burchard",
  title = "Case-control admixture mapping in Latino populations enriches for known asthma-associated genes",
  year = 2012,
  Journal = {J. of All. and Clin. Imm.130 (1),76–82.e12,doi: http://dx.doi.org/10.1016/j.jaci.2012.02.040},
}


